@book{schwaber:2002,
  title={Agile software development with {Scrum}},
  author={Schwaber, Ken and Beedle, Mike},
  volume={1},
  year={2002},
  publisher={Prentice Hall Upper Saddle River}
}

@online{WinNT,
  author = {{MultiMedia LLC}},
  title = {{MS Windows NT} Kernel Description},
  year = 1999,
  url = {http://web.archive.org/web/20080207010024/http://www.808multimedia.com/winnt/kernel.htm},
  urldate = {2010-09-30}
}